<?xml version="1.0" encoding="UTF-8"?><record xmlns="http://www.loc.gov/MARC21/slim" xmlns:cinclude="http://apache.org/cocoon/include/1.0" xmlns:zs="http://www.loc.gov/zing/srw/">
  <leader>01249cz  a2200277n  4500</leader>
  <controlfield tag="001">nr 91016118 </controlfield>
  <controlfield tag="003">DLC</controlfield>
  <controlfield tag="005">20160604075315.0</controlfield>
  <controlfield tag="008">910509n| azannaabn          |b aaa      </controlfield>
  <datafield tag="010" ind1=" " ind2=" ">
    <subfield code="a">nr 91016118 </subfield>
  </datafield>
  <datafield tag="035" ind1=" " ind2=" ">
    <subfield code="a">(OCoLC)oca02945133</subfield>
  </datafield>
  <datafield tag="040" ind1=" " ind2=" ">
    <subfield code="a">DLC-R</subfield>
    <subfield code="b">eng</subfield>
    <subfield code="e">rda</subfield>
    <subfield code="c">DLC-R</subfield>
    <subfield code="d">DLC-R</subfield>
    <subfield code="d">OCoLC</subfield>
    <subfield code="d">DLC</subfield>
    <subfield code="d">UPB</subfield>
    <subfield code="d">ICU</subfield>
    <subfield code="d">HU</subfield>
  </datafield>
  <datafield tag="046" ind1=" " ind2=" ">
    <subfield code="f">1954-03-05</subfield>
    <subfield code="2">edtf</subfield>
  </datafield>
  <datafield tag="053" ind1=" " ind2="0">
    <subfield code="a">PL992.9.S717</subfield>
  </datafield>
  <datafield tag="100" ind1="1" ind2=" ">
    <subfield code="a">Yi, Su-gwang,</subfield>
    <subfield code="d">1954-</subfield>
  </datafield>
  <datafield tag="370" ind1=" " ind2=" ">
    <subfield code="a">Seoul (Korea)</subfield>
    <subfield code="2">naf</subfield>
  </datafield>
  <datafield tag="374" ind1=" " ind2=" ">
    <subfield code="a">Author</subfield>
  </datafield>
  <datafield tag="377" ind1=" " ind2=" ">
    <subfield code="a">kor</subfield>
  </datafield>
  <datafield tag="400" ind1="1" ind2=" ">
    <subfield code="a">李 秀光,</subfield>
    <subfield code="d">1954-</subfield>
  </datafield>
  <datafield tag="400" ind1="1" ind2=" ">
    <subfield code="a">이 수광,</subfield>
    <subfield code="d">1954-</subfield>
  </datafield>
  <datafield tag="500" ind1="1" ind2=" ">
    <subfield code="a">Yi, Chung-wŏn,</subfield>
    <subfield code="d">1954-</subfield>
  </datafield>
  <datafield tag="667" ind1=" " ind2=" ">
    <subfield code="a">Machine-derived non-Latin script reference project.</subfield>
  </datafield>
  <datafield tag="667" ind1=" " ind2=" ">
    <subfield code="a">Non-Latin script references not evaluated.</subfield>
  </datafield>
  <datafield tag="670" ind1=" " ind2=" ">
    <subfield code="a">His Hwangya ŭi si, 1990:</subfield>
    <subfield code="b">t.p. (Yi Su-gwang)</subfield>
  </datafield>
  <datafield tag="670" ind1=" " ind2=" ">
    <subfield code="a">RLIN CLAG90-B27371</subfield>
    <subfield code="b">(hdg.: Yi, Su-gwang, 1954- )</subfield>
  </datafield>
  <datafield tag="670" ind1=" " ind2=" ">
    <subfield code="a">Hanʼguk Sosŏlga Hyŏphoe WWW Home Page, Nov. 17, 2008</subfield>
    <subfield code="b">(pʻilmyŏng, Yi Chung-wŏn; silmyŏng, Yi Su-gwang; b. Mar. 05, 1954 in Sŏul; tŭngdan, Chungang Ilbo Sinchʻun Munye tanpʻyŏn; Che 10-hoe Hanʼguk Chʻuri Munhak Taesang; samu kukchang, 2003-yŏn Kyegan Misŭtʻŏri Chugan Hanʼguk Chʻuri Chakka Hyŏphoe; author of "Na nŭn Chosŏn ŭi kukmo ta", "Angnyŏ yŏlchŏn", etc.)</subfield>
  </datafield>
</record>